<?xml version="1.0" encoding="UTF-8"?><collection xmlns="http://www.loc.gov/MARC21/slim"><record><leader>00341nam--2200133-i-4500</leader><controlfield tag="001">000049989</controlfield><controlfield tag="002">20161230</controlfield><controlfield tag="005">20161230201047</controlfield><controlfield tag="008">060222s1000------------r-----000-0-eng-d</controlfield><datafield ind1=" " ind2=" " tag="080"><subfield code="a">621.311:629.12</subfield></datafield><datafield ind1=" " ind2=" " tag="100"><subfield code="a">Ashurkov, E.B</subfield></datafield><datafield ind1=" " ind2=" " tag="245"><subfield code="a">Tehnologiia sudovyh elektromontazhnyh rabot</subfield></datafield><datafield ind1=" " ind2=" " tag="260"><subfield code="a">Leningrad, Sudpromgiz, 1951, 124s</subfield></datafield><datafield ind1=" " ind2=" " tag="852"><subfield code="a">2488</subfield></datafield></record></collection>